<?xml version="1.0" encoding="UTF-8"?><collection xmlns="http://www.loc.gov/MARC21/slim"><record><leader>00336nam--2200133-i-4500</leader><controlfield tag="001">000040408</controlfield><controlfield tag="002">20161230</controlfield><controlfield tag="005">20161230201042</controlfield><controlfield tag="008">060222s1000------------r-----000-0-eng-d</controlfield><datafield ind1=" " ind2=" " tag="080"><subfield code="a">681.2</subfield></datafield><datafield ind1=" " ind2=" " tag="100"><subfield code="a">Savin,V.N</subfield></datafield><datafield ind1=" " ind2=" " tag="245"><subfield code="a">Scule prevazute cu metal dur pentru industria aparatelor</subfield></datafield><datafield ind1=" " ind2=" " tag="260"><subfield code="a">Bucuresti, Idt.,1955. 114 P</subfield></datafield><datafield ind1=" " ind2=" " tag="852"><subfield code="a">26567</subfield></datafield></record></collection>